@MISC{roles,
	author = {{scrum.org}},
	year = {2021},
	title = {Scrum Roles},
	note = {[Online; accessed February 15, 2021]},
	url = {https://scrumorg-website-prod.s3.amazonaws.com/drupal/inline-images/2019-01/scrum%20team.png}
}

@MISC{Workflow,
	author = {{scrum.org}},
	year = {2021},
	title = {Scrum Workflow},
	note = {[Online; accessed February 15, 2021]},
	url = {https://scrumorg-website-prod.s3.amazonaws.com/drupal/inline-images/2021-01/scrumorg-scrum-framework-3000.png}